@book{TigerBook,
    title={{M}odern {C}ompiler {I}mplementation in {J}ava},
    author={Andrew W Appel},
    year={2002},
    publisher={Cambridge University Press},
    edition={2nd},
    pages={501}
}


@CONFERENCE{cours,
    title={{C}omputer {L}anguage {P}rocessing},
    author={Viktor Kunƒçak},
    year={2018},
    publisher={EPFL}
    }